<?xml version="1.0" encoding="UTF-8"?><collection xmlns="http://www.loc.gov/MARC21/slim"><record><leader>00502nam--2200181-i-4500</leader><controlfield tag="001">000033846</controlfield><controlfield tag="002">20161230</controlfield><controlfield tag="005">20170210212002</controlfield><controlfield tag="008">060222s1000------------r-----000-0-eng-d</controlfield><datafield ind1=" " ind2=" " tag="040"><subfield code="a">IFIN-HH</subfield></datafield><datafield ind1=" " ind2=" " tag="080"><subfield code="a">518.9</subfield></datafield><datafield ind1="1" ind2=" " tag="100"><subfield code="a">Neumann, John Von</subfield></datafield><datafield ind1="1" ind2="0" tag="245"><subfield code="a">Theory of games and economic behavior</subfield><subfield code="c">John von Neumann, Oskar Morgenstern</subfield></datafield><datafield ind1=" " ind2=" " tag="260"><subfield code="a">Princeton</subfield><subfield code="b">Princeton University Press</subfield><subfield code="c">1953</subfield></datafield><datafield ind1=" " ind2=" " tag="300"><subfield code="a">641 p</subfield></datafield><datafield ind1="1" ind2=" " tag="700"><subfield code="a">Morgenstern, O</subfield></datafield><datafield ind1=" " ind2=" " tag="852"><subfield code="a">17417</subfield><subfield code="c">519.283</subfield></datafield><datafield ind1=" " ind2=" " tag="CAT"><subfield code="a">SYS</subfield><subfield code="c">20170210</subfield><subfield code="h">212002</subfield></datafield></record></collection>